<record><leader>01869nam a2200361 i 4500</leader><controlfield tag="001">6786199</controlfield><controlfield tag="003">FlBoTFG</controlfield><controlfield tag="005">20150115163112.0</controlfield><controlfield tag="006">m|||||o||d||||||||</controlfield><controlfield tag="007">cr||||</controlfield><controlfield tag="008">150115t20152015fluad   ob    001 0 eng d</controlfield><datafield ind1=" " ind2=" " tag="020"><subfield code="a">9781466570795 (e-book : PDF)</subfield></datafield><datafield ind1=" " ind2=" " tag="035"><subfield code="a">ocn897069727</subfield></datafield><datafield ind1=" " ind2=" " tag="039"><subfield code="a">exclude</subfield></datafield><datafield ind1=" " ind2=" " tag="040"><subfield code="a">FlBoTFG</subfield><subfield code="b">eng</subfield><subfield code="e">rda</subfield><subfield code="c">FlBoTFG</subfield><subfield code="d">AEU</subfield></datafield><datafield ind1=" " ind2="4" tag="050"><subfield code="a">TK5103.4815</subfield><subfield code="b">.I26 2015</subfield></datafield><datafield ind1=" " ind2=" " tag="090"><subfield code="a">Internet Access</subfield><subfield code="b">AEU</subfield></datafield><datafield ind1="1" ind2=" " tag="100"><subfield code="a">Ibnkahla, Mohamed,</subfield><subfield code="e">author.</subfield></datafield><datafield ind1="1" ind2="0" tag="245"><subfield code="a">Cooperative cognitive radio networks :</subfield><subfield code="b">the complete spectrum cycle /</subfield><subfield code="c">Mohamed Ibnkahla, Queen's University, Kingston, Ontario, Canada.</subfield></datafield><datafield ind1=" " ind2="1" tag="264"><subfield code="a">Boca Raton :</subfield><subfield code="b">CRC Press,</subfield><subfield code="c">[2015]</subfield></datafield><datafield ind1=" " ind2="4" tag="264"><subfield code="c">&#169;2015</subfield></datafield><datafield ind1=" " ind2=" " tag="300"><subfield code="a">1 online resource.</subfield></datafield><datafield ind1=" " ind2=" " tag="336"><subfield code="a">text</subfield><subfield code="2">rdacontent</subfield></datafield><datafield ind1=" " ind2=" " tag="337"><subfield code="a">computer</subfield><subfield code="2">rdamedia</subfield></datafield><datafield ind1=" " ind2=" " tag="338"><subfield code="a">online resource</subfield><subfield code="2">rdacarrier</subfield></datafield><datafield ind1=" " ind2=" " tag="504"><subfield code="a">Includes bibliographical references and index.</subfield></datafield><datafield ind1="0" ind2=" " tag="505"><subfield code="a">Introduction to cognitive radio -- Spectrum sensing -- Cooperative spectrum acquisition -- Cooperative spectrum acquisition in the presence of interference -- Spectrum sensing : performance measures and design trade-offs -- Spectrum handoff -- MAC protocols in cognitive radio networks -- Cognitive radio ad hoc and sensor networks : network models and local control schemes -- Medium access in cognitive radio ad hoc networks -- Routing in multihop cognitive radio networks -- Economics of cognitive radio -- Security concerns in cognitive radio networks.</subfield></datafield><datafield ind1=" " ind2=" " tag="506"><subfield code="a">Access restricted to authorized users and institutions.</subfield></datafield><datafield ind1=" " ind2=" " tag="596"><subfield code="a">44</subfield></datafield><datafield ind1=" " ind2="0" tag="650"><subfield code="a">Cognitive radio networks.</subfield></datafield><datafield ind1="4" ind2="0" tag="856"><subfield code="3">University of Alberta Access</subfield><subfield code="u">http://marc.crcnetbase.com/isbn/9781466570795</subfield><subfield code="z">(Unlimited Concurrent Users)</subfield></datafield><datafield ind1=" " ind2=" " tag="949"><subfield code="h">UAIN</subfield><subfield code="z">CRC</subfield></datafield><datafield ind1=" " ind2=" " tag="926"><subfield code="a">Internet Access</subfield><subfield code="w">LC</subfield><subfield code="c">1</subfield><subfield code="i">6786199-1001</subfield><subfield code="l">INTERNET</subfield><subfield code="m">UAINTERNET</subfield><subfield code="r">Y</subfield><subfield code="s">Y</subfield><subfield code="t">E-RESOURCE</subfield><subfield code="u">1/20/2015</subfield><subfield code="x">E-BOOK</subfield><subfield code="z">CRC</subfield></datafield></record>